@inproceedings{srebro2003weighted,
  title={Weighted low-rank approximations},
  author={Srebro, Nathan and Jaakkola, Tommi},
  booktitle={Proceedings of the 20th International Conference on Machine Learning (ICML-03)},
  pages={720--727},
  year={2003}
}